
@article{cattell_r_1949,
	title = {R p and other coefficients of pattern similarity},
	volume = {14},
	pages = {279--298},
	number = {4},
	journaltitle = {Psychometrika},
	author = {Cattell, Raymond B.},
	date = {1949},
	file = {Snapshot:C\:\\Users\\John-o\\Zotero\\storage\\75D7SB7D\\BF02289193.html:text/html}
}

@article{bobko_usefulness_2007,
	title = {The usefulness of unit weights in creating composite scores: A literature review, application to content validity, and meta-analysis},
	volume = {10},
	shorttitle = {The usefulness of unit weights in creating composite scores},
	pages = {689--709},
	number = {4},
	journaltitle = {Organizational Research Methods},
	author = {Bobko, Philip and Roth, Philip L. and Buster, Maury A.},
	date = {2007},
	file = {Full Text:C\:\\Users\\kulasj\\Zotero\\storage\\GSXVBSUW\\Bobko et al. - 2007 - The usefulness of unit weights in creating composi.pdf:application/pdf;Snapshot:C\:\\Users\\kulasj\\Zotero\\storage\\EBCMB3UY\\1094428106294734.html:text/html}
}

@article{heitjan_distinguishing_1996,
	title = {Distinguishing “missing at random” and “missing completely at random”},
	volume = {50},
	pages = {207--213},
	number = {3},
	journaltitle = {The American Statistician},
	author = {Heitjan, Daniel F. and Basu, Srabashi},
	date = {1996},
	file = {Fulltext:C\:\\Users\\kulasj\\Zotero\\storage\\NY8T6R7X\\Heitjan and Basu - 1996 - Distinguishing “missing at random” and “missing co.pdf:application/pdf;Snapshot:C\:\\Users\\kulasj\\Zotero\\storage\\633WCBUE\\00031305.1996.html:text/html}
}

@article{muthen_structural_1987,
	title = {On structural equation modeling with data that are not missing completely at random},
	volume = {52},
	pages = {431--462},
	number = {3},
	journaltitle = {Psychometrika},
	author = {Muthén, Bengt and Kaplan, David and Hollis, Michael},
	date = {1987},
	file = {Fulltext:C\:\\Users\\kulasj\\Zotero\\storage\\NC64D6L7\\Muthén et al. - 1987 - On structural equation modeling with data that are.pdf:application/pdf;Snapshot:C\:\\Users\\kulasj\\Zotero\\storage\\GX5ND99Y\\BF02294365.html:text/html}
}

@article{cohen_cost_1983,
	title = {The cost of dichotomization},
	volume = {7},
	pages = {249--253},
	number = {3},
	journaltitle = {Applied psychological measurement},
	author = {Cohen, Jacob},
	date = {1983}
}

@article{taylor_illusion_1988,
	title = {Illusion and well-being: a social psychological perspective on mental health.},
	volume = {103},
	shorttitle = {Illusion and well-being},
	pages = {193},
	number = {2},
	journaltitle = {Psychological bulletin},
	author = {Taylor, Shelley E. and Brown, Jonathon D.},
	date = {1988},
	file = {Fulltext:C\:\\Users\\kulasj\\Zotero\\storage\\XDWS89TH\\Taylor and Brown - 1988 - Illusion and well-being a social psychological pe.pdf:application/pdf;Snapshot:C\:\\Users\\kulasj\\Zotero\\storage\\59UDSAIF\\1988-16903-001.html:text/html}
}

@article{levashina_model_2006,
	title = {A model of faking likelihood in the employment interview},
	volume = {14},
	pages = {299--316},
	number = {4},
	journaltitle = {International Journal of Selection and Assessment},
	author = {Levashina, Julia and Campion, Michael A.},
	date = {2006},
	file = {Fulltext:C\:\\Users\\kulasj\\Zotero\\storage\\GDMJ7LPN\\Levashina and Campion - 2006 - A model of faking likelihood in the employment int.pdf:application/pdf;Snapshot:C\:\\Users\\kulasj\\Zotero\\storage\\LSPSN6IU\\j.1468-2389.2006.00353.html:text/html}
}

@article{weiss_looking_2006,
	title = {Looking good and lying to do it: Deception as an impression management strategy in job interviews},
	volume = {36},
	shorttitle = {Looking good and lying to do it},
	pages = {1070--1086},
	number = {4},
	journaltitle = {Journal of Applied Social Psychology},
	author = {Weiss, Brent and Feldman, Robert S.},
	date = {2006},
	file = {Fulltext:C\:\\Users\\kulasj\\Zotero\\storage\\6Q9NGT8W\\Weiss and Feldman - 2006 - Looking good and lying to do it Deception as an i.pdf:application/pdf;Snapshot:C\:\\Users\\kulasj\\Zotero\\storage\\X2CU6J5S\\j.0021-9029.2006.00055.html:text/html}
}

@article{barrick_what_2009,
	title = {What you see may not be what you get: relationships among self-presentation tactics and ratings of interview and job performance.},
	volume = {94},
	shorttitle = {What you see may not be what you get},
	pages = {1394},
	number = {6},
	journaltitle = {Journal of Applied Psychology},
	author = {Barrick, Murray R. and Shaffer, Jonathan A. and {DeGrassi}, Sandra W.},
	date = {2009},
	file = {Fulltext:C\:\\Users\\kulasj\\Zotero\\storage\\PNDJZX7P\\Barrick et al. - 2009 - What you see may not be what you get relationship.pdf:application/pdf;Snapshot:C\:\\Users\\kulasj\\Zotero\\storage\\EZDH5SXF\\2009-21033-003.html:text/html}
}

@article{anseel_response_2010,
	title = {Response rates in organizational science, 1995–2008: A meta-analytic review and guidelines for survey researchers},
	volume = {25},
	shorttitle = {Response rates in organizational science, 1995–2008},
	pages = {335--349},
	number = {3},
	journaltitle = {Journal of Business and Psychology},
	author = {Anseel, Frederik and Lievens, Filip and Schollaert, Eveline and Choragwicka, Beata},
	date = {2010},
	file = {Fulltext:C\:\\Users\\kulasj\\Zotero\\storage\\JD4NN2UR\\s10869-010-9157-6.html:text/html;Snapshot:C\:\\Users\\kulasj\\Zotero\\storage\\XVWSTZ5U\\s10869-010-9157-6.html:text/html}
}

@article{cook_meta-analysis_2000,
	title = {A meta-analysis of response rates in web-or internet-based surveys},
	volume = {60},
	pages = {821--836},
	number = {6},
	journaltitle = {Educational and psychological measurement},
	author = {Cook, Colleen and Heath, Fred and Thompson, Russel L.},
	date = {2000},
	file = {Fulltext:C\:\\Users\\kulasj\\Zotero\\storage\\3LZEXPQP\\Cook et al. - 2000 - A meta-analysis of response rates in web-or intern.pdf:application/pdf;Snapshot:C\:\\Users\\kulasj\\Zotero\\storage\\4D6KGREB\\00131640021970934.html:text/html}
}

@article{baruch_survey_2008,
	title = {Survey response rate levels and trends in organizational research},
	volume = {61},
	pages = {1139--1160},
	number = {8},
	journaltitle = {Human relations},
	author = {Baruch, Yehuda and Holtom, Brooks C.},
	date = {2008},
	file = {Fulltext:C\:\\Users\\kulasj\\Zotero\\storage\\8US7JZTP\\Baruch and Holtom - 2008 - Survey response rate levels and trends in organiza.pdf:application/pdf;Snapshot:C\:\\Users\\kulasj\\Zotero\\storage\\GB5IPENZ\\0018726708094863.html:text/html}
}

@article{baruch_response_1999,
	title = {Response rate in academic studies—A comparative analysis},
	volume = {52},
	pages = {421--438},
	number = {4},
	journaltitle = {Human relations},
	author = {Baruch, Yehuda},
	date = {1999},
	file = {Fulltext:C\:\\Users\\kulasj\\Zotero\\storage\\4Y2MJJBX\\Baruch - 1999 - Response rate in academic studies—A comparative an.pdf:application/pdf;Snapshot:C\:\\Users\\kulasj\\Zotero\\storage\\ZGPP34JB\\A1016905407491.html:text/html}
}

@book{biemer_introduction_2003,
	title = {Introduction to survey quality},
	volume = {335},
	publisher = {John Wiley \& Sons},
	author = {Biemer, Paul P. and Lyberg, Lars E.},
	date = {2003},
	file = {Fulltext:C\:\\Users\\kulasj\\Zotero\\storage\\VNBUBSI2\\Biemer and Lyberg - 2003 - Introduction to survey quality.pdf:application/pdf;Snapshot:C\:\\Users\\kulasj\\Zotero\\storage\\7FQAURWV\\books.html:text/html}
}

@book{rogelberg_introduction:_2007,
	title = {Introduction: Understanding and dealing with organizational survey nonresponse},
	shorttitle = {Introduction},
	publisher = {Sage Publications Sage {CA}: Los Angeles, {CA}},
	author = {Rogelberg, Steven G. and Stanton, Jeffrey M.},
	date = {2007},
	file = {Fulltext:C\:\\Users\\kulasj\\Zotero\\storage\\KPRB59RT\\Rogelberg and Stanton - 2007 - Introduction Understanding and dealing with organ.pdf:application/pdf;Snapshot:C\:\\Users\\kulasj\\Zotero\\storage\\BDMAMDIH\\1094428106294693.html:text/html}
}

@article{cattell_r_1949,
	title = {r p and Other Coefficients of Pattern Similarity},
	volume = {14},
	pages = {279--298},
	number = {4},
	journaltitle = {Psychometrika},
	author = {Cattell, Raymond B.},
	date = {1949},
	file = {Snapshot:C\:\\Users\\kulasj\\Zotero\\storage\\FLMNNIFV\\BF02289193.html:text/html}
}

@article{schmitz_sex_2007,
	title = {Sex differences in lower extremity biomechanics during single leg landings},
	volume = {22},
	pages = {681--688},
	number = {6},
	journaltitle = {Clinical Biomechanics},
	author = {Schmitz, Randy J. and Kulas, Anthony S. and Perrin, David H. and Riemann, Bryan L. and Shultz, Sandra J.},
	date = {2007}
}

@article{schmitz_sex_2007-1,
	title = {Sex differences in lower extremity biomechanics during single leg landings},
	volume = {22},
	pages = {681--688},
	number = {6},
	journaltitle = {Clinical Biomechanics},
	author = {Schmitz, Randy J. and Kulas, Anthony S. and Perrin, David H. and Riemann, Bryan L. and Shultz, Sandra J.},
	date = {2007},
	keywords = {schmitz18}
}

@article{kulas_middle_2008,
	title = {Middle response functioning in Likert-responses to personality items},
	volume = {22},
	pages = {251--259},
	number = {3},
	journaltitle = {Journal of Business and Psychology},
	author = {Kulas, John T. and Stachowski, Alicia A. and Haynes, Brad A.},
	date = {2008}
}

@article{cattell_taxonometric_1966,
	title = {The taxonometric recognition of types and functional emergents},
	pages = {288--329},
	journaltitle = {Handbook of multivariate experimental psychology},
	author = {Cattell, Raymond B. and Coulter, Malcolm A. and Tsujioka, Bien},
	date = {1966}
}

@article{curtin_effects_2000,
	title = {The effects of response rate changes on the index of consumer sentiment},
	volume = {64},
	pages = {413--428},
	number = {4},
	journaltitle = {Public opinion quarterly},
	author = {Curtin, Richard and Presser, Stanley and Singer, Eleanor},
	date = {2000}
}

@article{cycyota_enhancing_2002,
	title = {Enhancing survey response rates at the executive level: Are employee-or consumer-level techniques effective?},
	volume = {28},
	shorttitle = {Enhancing survey response rates at the executive level},
	pages = {151--176},
	number = {2},
	journaltitle = {Journal of Management},
	author = {Cycyota, Cynthia S. and Harrison, David A.},
	date = {2002}
}

@article{cycyota_what_2006,
	title = {What (not) to expect when surveying executives: A meta-analysis of top manager response rates and techniques over time},
	volume = {9},
	shorttitle = {What (not) to expect when surveying executives},
	pages = {133--160},
	number = {2},
	journaltitle = {Organizational Research Methods},
	author = {Cycyota, Cynthia S. and Harrison, David A.},
	date = {2006}
}

@article{deming_least_1940,
	title = {On a least squares adjustment of a sampled frequency table when the expected marginal totals are known},
	volume = {11},
	pages = {427--444},
	number = {4},
	journaltitle = {The Annals of Mathematical Statistics},
	author = {Deming, W. Edwards and Stephan, Frederick F.},
	date = {1940}
}

@article{keeter_gauging_2006,
	title = {Gauging the impact of growing nonresponse on estimates from a national {RDD} telephone survey},
	volume = {70},
	pages = {759--779},
	number = {5},
	journaltitle = {International Journal of Public Opinion Quarterly},
	author = {Keeter, Scott and Kennedy, Courtney and Dimock, Michael and Best, Jonathan and Craighill, Peyton},
	date = {2006}
}

@article{kessler_national_2009,
	title = {National comorbidity survey replication adolescent supplement ({NCS}-A): {II}. Overview and design},
	volume = {48},
	shorttitle = {National comorbidity survey replication adolescent supplement ({NCS}-A)},
	pages = {380--385},
	number = {4},
	journaltitle = {Journal of the American Academy of Child \& Adolescent Psychiatry},
	author = {Kessler, Ronald C. and Avenevoli, Shelli and Costello, E. Jane and Green, Jennifer Greif and Gruber, Michael J. and Heeringa, Steven and Merikangas, Kathleen R. and Pennell, Beth-Ellen and Sampson, Nancy A. and Zaslavsky, Alan M.},
	date = {2009}
}

@article{kish_survey_1965,
	title = {Survey sampling},
	author = {Kish, Leslie},
	date = {1965}
}

@article{krosnick_survey_1999,
	title = {Survey research},
	volume = {50},
	pages = {537--567},
	number = {1},
	journaltitle = {Annual review of psychology},
	author = {Krosnick, Jon A.},
	date = {1999}
}

@article{kulas_nonresponse_2017,
	title = {Nonresponse in Organizational Surveying: Attitudinal Distribution Form and Conditional Response Probabilities’ Impact on Patterns of Bias},
	volume = {81},
	shorttitle = {Nonresponse in Organizational Surveying},
	pages = {401--421},
	number = {2},
	journaltitle = {Public Opinion Quarterly},
	author = {Kulas, John T. and Robinson, David H. and Kellar, Donald Z. and Smith, Jeffrey A.},
	date = {2017}
}

@article{kulas_post-stratification_2016,
	title = {Post-stratification weighting in organizational surveys: A cross-disciplinary tutorial.},
	journaltitle = {Human Resource Management},
	author = {Kulas, John T. and Robinson, David H. and Smith, Jeffrey A. and Kellar, Donald Z.},
	date = {2016}
}

@article{landers_inconvenient_2015,
	title = {An inconvenient truth: Arbitrary distinctions between organizational, Mechanical Turk, and other convenience samples},
	volume = {8},
	shorttitle = {An inconvenient truth},
	pages = {142--164},
	number = {2},
	journaltitle = {Industrial and Organizational Psychology},
	author = {Landers, Richard N. and Behrend, Tara S.},
	date = {2015}
}

@article{lohr_sampling:_1999,
	title = {Sampling: Design and Analysis Duxbury Press Pacific Grove},
	shorttitle = {Sampling},
	journaltitle = {{CA} Google Scholar},
	author = {Lohr, S. L.},
	date = {1999}
}

@book{pasek_anesrake:_2016,
	title = {anesrake: {ANES} Raking Implementation},
	author = {Pasek, Josh},
	date = {2016}
}

@article{quine_feeling_2008,
	title = {Feeling safe in one's neighbourhood: Variation by location among older Australians},
	volume = {16},
	pages = {115--116},
	journaltitle = {The Australian Journal of Rural Health},
	author = {Quine, S and Morrell, S},
	date = {2008}
}

@article{rogelberg_employee_2000,
	title = {Employee attitude surveys: Examining the attitudes of noncompliant employees.},
	volume = {85},
	shorttitle = {Employee attitude surveys},
	pages = {284},
	number = {2},
	journaltitle = {Journal of Applied Psychology},
	author = {Rogelberg, Steven G. and Luong, Alexandra and Sederburg, Matthew E. and Cristol, Dean S.},
	date = {2000}
}

@article{steven_g._rogelberg_introduction:_2007,
	title = {Introduction: Understanding and dealing with organizational survey nonresponse},
	shorttitle = {Introduction},
	author = {{Steven G. Rogelberg} and {Jeffrey M. Stanton}},
	date = {2007}
}

@article{taris_how_2007,
	title = {How may nonresponse affect findings in organizational surveys? The tendency-to-the-positive effect.},
	volume = {14},
	shorttitle = {How may nonresponse affect findings in organizational surveys?},
	pages = {249},
	number = {3},
	journaltitle = {International Journal of Stress Management},
	author = {Taris, Toon W. and Schreurs, Paul {JG}},
	date = {2007}
}

@inproceedings{rivers_inference_2009,
	title = {Inference from matched samples in the 2008 {US} national elections},
	volume = {1},
	pages = {627--39},
	booktitle = {Proceedings of the joint statistical meetings},
	publisher = {{YouGov}/Polimetrix Palo Alto, {CA}},
	author = {Rivers, Douglas and Bailey, Delia},
	date = {2009}
}

@article{taris_how_2007-1,
	title = {How may nonresponse affect findings in organizational surveys? The tendency-to-the-positive effect.},
	volume = {14},
	shorttitle = {How may nonresponse affect findings in organizational surveys?},
	pages = {249},
	number = {3},
	journaltitle = {International Journal of Stress Management},
	author = {Taris, Toon W. and Schreurs, Paul {JG}},
	date = {2007}
}

@article{visser_mail_1996,
	title = {Mail surveys for election forecasting? An evaluation of the Columbus Dispatch poll},
	volume = {60},
	shorttitle = {Mail surveys for election forecasting?},
	pages = {181--227},
	number = {2},
	journaltitle = {Public Opinion Quarterly},
	author = {Visser, Penny S. and Krosnick, Jon A. and Marquette, Jesse and Curtin, Michael},
	date = {1996}
}

@book{weisberg_total_2009,
	title = {The total survey error approach: A guide to the new science of survey research},
	shorttitle = {The total survey error approach},
	publisher = {University of Chicago Press},
	author = {Weisberg, Herbert F.},
	date = {2009}
}

@inproceedings{yang_nonresponse_2017,
	location = {Orlando, {FL}},
	title = {Nonresponse and sample weighting in organizational surveying},
	author = {Yang, Yang and Kulas, John T. and Robinson, David R.},
	date = {2017-04}
}

@article{tett_2011_2014,
	title = {The 2011 {SIOP} graduate program benchmarking survey part 7: Theses, dissertations, and performance expectations},
	volume = {51},
	pages = {62--73},
	number = {4},
	journaltitle = {The Industrial-Organizational Psychologist},
	author = {Tett, R and Brown, C and Walser, B},
	date = {2014}
}

@book{r_core_team_r:_2017,
	location = {Vienna, Austria},
	title = {R: A Language and Environment for Statistical Computing},
	url = {https://www.R-project.org/},
	publisher = {R Foundation for Statistical Computing},
	author = {{R Core Team}},
	date = {2017}
}

@article{fulton_b._r._organizations_2016,
	title = {Organizations and survey research: Implementing response enhancing strategies and conducting nonresponse analyses},
	pages = {1--37},
	journaltitle = {Sociological Methods \& Research},
	author = {{Fulton, B. R.}},
	date = {2016}
}

@article{fan_factors_2010,
	title = {Factors affecting response rates of the web survey: A systematic review.},
	shorttitle = {Factors affecting response rates of the web survey},
	journaltitle = {Computers in Human Behavior},
	author = {Fan, Weimiao and Yan, Zheng},
	date = {2010}
}

@article{frohlich_techniques_2002,
	title = {Techniques for improving response rates in {OM} survey research},
	volume = {20},
	pages = {53--62},
	number = {1},
	journaltitle = {Journal of Operations Management},
	author = {Frohlich, Markham T.},
	date = {2002}
}

@article{fulton_organizations_2016,
	title = {Organizations and survey research: Implementing response enhancing strategies and conducting nonresponse analyses},
	shorttitle = {Organizations and survey research},
	pages = {0049124115626169},
	journaltitle = {Sociological Methods \& Research},
	author = {Fulton, Brad R.},
	date = {2016}
}

@book{groves_survey_2011,
	title = {Survey methodology},
	volume = {561},
	publisher = {John Wiley \& Sons},
	author = {Groves, Robert M. and Fowler Jr, Floyd J. and Couper, Mick P. and Lepkowski, James M. and Singer, Eleanor and Tourangeau, Roger},
	date = {2011}
}

@article{luong_how_1998,
	title = {How to increase your survey response rate},
	volume = {36},
	pages = {61--65},
	number = {1},
	journaltitle = {The Industrial-Organizational Psychologist},
	author = {Luong, A. and Rogelberg, S. G.},
	date = {1998}
}

@article{mellahi_response_2016,
	title = {Response rates in business and management research: An overview of current practice and suggestions for future direction},
	volume = {27},
	shorttitle = {Response rates in business and management research},
	pages = {426--437},
	number = {2},
	journaltitle = {British Journal of Management},
	author = {Mellahi, Kamel and Harris, Lloyd C.},
	date = {2016}
}

@article{pedersen_improving_2016,
	title = {Improving survey response rates in online panels: Effects of low-cost incentives and cost-free text appeal interventions},
	volume = {34},
	shorttitle = {Improving survey response rates in online panels},
	pages = {229--243},
	number = {2},
	journaltitle = {Social Science Computer Review},
	author = {Pedersen, Mogens Jin and Nielsen, Christian Videb\{{\textbackslash}textbackslash\}textbackslasha ek},
	date = {2016}
}

@article{rogelberg_profiling_2003,
	title = {Profiling active and passive nonrespondents to an organizational survey.},
	volume = {88},
	pages = {1104},
	number = {6},
	journaltitle = {Journal of Applied Psychology},
	author = {Rogelberg, Steven G. and Conway, James M. and Sederburg, Matthew E. and Spitzmüller, Christiane and Aziz, Shahnaz and Knight, William E.},
	date = {2003}
}

@article{spitzmuller_survey_2007,
	title = {Survey nonrespondents as bad soldiers: Examining the relationship between organizational citizenship and survey response behavior},
	volume = {15},
	shorttitle = {Survey nonrespondents as bad soldiers},
	pages = {449--459},
	number = {4},
	journaltitle = {International Journal of Selection and Assessment},
	author = {Spitzmüller, Christiane and Glenn, Dana M. and Sutton, Meagan M. and Barr, Christopher D. and Rogelberg, Steven G.},
	date = {2007}
}

@article{wainer_estimating_1976,
	title = {Estimating coefficients in linear models: It don't make no nevermind.},
	volume = {83},
	shorttitle = {Estimating coefficients in linear models},
	pages = {213},
	number = {2},
	journaltitle = {Psychological Bulletin},
	author = {Wainer, Howard},
	date = {1976}
}

@book{aust_citr:_2016,
	title = {citr: '{RStudio}' Add-in to Insert Markdown Citations},
	url = {https://CRAN.R-project.org/package=citr},
	author = {Aust, Frederik},
	date = {2016}
}

@book{wickham_ggplot2:_2009,
	title = {ggplot2: Elegant Graphics for Data Analysis},
	isbn = {978-0-387-98140-6},
	url = {http://ggplot2.org},
	publisher = {Springer-Verlag New York},
	author = {Wickham, Hadley},
	date = {2009}
}

@book{sarkar_lattice:_2008,
	location = {New York},
	title = {Lattice: Multivariate Data Visualization with R},
	url = {http://lmdvr.r-forge.r-project.org},
	publisher = {Springer},
	author = {Sarkar, Deepayan},
	date = {2008}
}

@book{aust_papaja:_2018,
	title = {papaja: Create {APA} manuscripts with R Markdown},
	url = {https://github.com/crsh/papaja},
	author = {Aust, Frederik and Barth, Marius},
	date = {2018}
}

@article{wickham_split-apply-combine_2011,
	title = {The Split-Apply-Combine Strategy for Data Analysis},
	volume = {40},
	url = {http://www.jstatsoft.org/v40/i01/},
	pages = {1--29},
	number = {1},
	journaltitle = {Journal of Statistical Software},
	author = {Wickham, Hadley},
	date = {2011}
}

@book{revelle_psych:_2017,
	location = {Evanston, Illinois},
	title = {psych: Procedures for Psychological, Psychometric, and Personality Research},
	url = {https://CRAN.R-project.org/package=psych},
	publisher = {Northwestern University},
	author = {Revelle, William},
	date = {2017}
}

@book{hope_rmisc:_2013,
	title = {Rmisc: Rmisc: Ryan Miscellaneous},
	url = {https://CRAN.R-project.org/package=Rmisc},
	author = {Hope, Ryan M.},
	date = {2013}
}

@article{werner_reporting_2007,
	title = {The reporting of nonresponse analyses in survey research},
	volume = {10},
	pages = {287--295},
	number = {2},
	journaltitle = {Organizational Research Methods},
	author = {Werner, Steve and Praxedes, Moira and Kim, Hyun-Gyu},
	date = {2007},
	file = {Snapshot:C\:\\Users\\yyang\\Zotero\\storage\\5RJ7M35D\\1094428106292892.html:text/html}
}

@Manual{R-base,
  title = {R: A Language and Environment for Statistical Computing},
  author = {{R Core Team}},
  organization = {R Foundation for Statistical Computing},
  address = {Vienna, Austria},
  year = {2017},
  url = {https://www.R-project.org/},
}
@Manual{R-citr,
  title = {citr: 'RStudio' Add-in to Insert Markdown Citations},
  author = {Frederik Aust},
  year = {2016},
  note = {R package version 0.2.0},
  url = {https://CRAN.R-project.org/package=citr},
}
@Article{R-Formula,
  title = {Extended Model Formulas in {R}: Multiple Parts and Multiple Responses},
  author = {Achim Zeileis and Yves Croissant},
  journal = {Journal of Statistical Software},
  year = {2010},
  volume = {34},
  number = {1},
  pages = {1--13},
  doi = {10.18637/jss.v034.i01},
}
@Manual{R-gdata,
  title = {gdata: Various R Programming Tools for Data Manipulation},
  author = {Gregory R. Warnes and Ben Bolker and Gregor Gorjanc and Gabor Grothendieck and Ales Korosec and Thomas Lumley and Don MacQueen and Arni Magnusson and Jim Rogers and {others}},
  year = {2017},
  note = {R package version 2.18.0},
  url = {https://CRAN.R-project.org/package=gdata},
}
@Book{R-ggplot2,
  author = {Hadley Wickham},
  title = {ggplot2: Elegant Graphics for Data Analysis},
  publisher = {Springer-Verlag New York},
  year = {2009},
  isbn = {978-0-387-98140-6},
  url = {http://ggplot2.org},
}
@Manual{R-Hmisc,
  title = {Hmisc: Harrell Miscellaneous},
  author = {Frank E {Harrell Jr} and with contributions from Charles Dupont and many others.},
  year = {2018},
  note = {R package version 4.1-1},
  url = {https://CRAN.R-project.org/package=Hmisc},
}
@Book{R-lattice,
  title = {Lattice: Multivariate Data Visualization with R},
  author = {Deepayan Sarkar},
  publisher = {Springer},
  address = {New York},
  year = {2008},
  note = {ISBN 978-0-387-75968-5},
  url = {http://lmdvr.r-forge.r-project.org},
}
@Article{R-mice,
  title = {{mice}: Multivariate Imputation by Chained Equations in R},
  author = {Stef {van Buuren} and Karin Groothuis-Oudshoorn},
  journal = {Journal of Statistical Software},
  year = {2011},
  volume = {45},
  number = {3},
  pages = {1--67},
  url = {http://www.jstatsoft.org/v45/i03/},
}
@Manual{R-papaja,
  author = {Frederik Aust and Marius Barth},
  title = {{papaja}: {Create} {APA} manuscripts with {R Markdown}},
  year = {2018},
  note = {R package version 0.1.0.9709},
  url = {https://github.com/crsh/papaja},
}
@Article{R-plyr,
  title = {The Split-Apply-Combine Strategy for Data Analysis},
  author = {Hadley Wickham},
  journal = {Journal of Statistical Software},
  year = {2011},
  volume = {40},
  number = {1},
  pages = {1--29},
  url = {http://www.jstatsoft.org/v40/i01/},
}
@Manual{R-psych,
  title = {psych: Procedures for Psychological, Psychometric, and Personality Research},
  author = {William Revelle},
  organization = { Northwestern University},
  address = { Evanston, Illinois},
  year = {2018},
  note = {R package version 1.8.3},
  url = {https://CRAN.R-project.org/package=psych},
}
@Article{R-reshape2,
  title = {Reshaping Data with the {reshape} Package},
  author = {Hadley Wickham},
  journal = {Journal of Statistical Software},
  year = {2007},
  volume = {21},
  number = {12},
  pages = {1--20},
  url = {http://www.jstatsoft.org/v21/i12/},
}
@Manual{R-Rmisc,
  title = {Rmisc: Rmisc: Ryan Miscellaneous},
  author = {Ryan M. Hope},
  year = {2013},
  note = {R package version 1.5},
  url = {https://CRAN.R-project.org/package=Rmisc},
}
@Book{R-survival-book,
  title = {Modeling Survival Data: Extending the {C}ox Model},
  author = {{Terry M. Therneau} and {Patricia M. Grambsch}},
  year = {2000},
  publisher = {Springer},
  address = {New York},
  isbn = {0-387-98784-3},
}
@Manual{R-weights,
  title = {weights: Weighting and Weighted Statistics},
  author = {Josh Pasek and with some assistance from Alex Tahk and some code modified from R-core; Additional contributions by Gene Culter and Marcus Schwemmle.},
  year = {2016},
  note = {R package version 0.85},
  url = {https://CRAN.R-project.org/package=weights},
}
@Manual{R-tinylabels,
  title = {{tinylabels}: Lightweight Variable Labels},
  author = {Marius Barth},
  year = {2022},
  note = {R package version 0.2.3},
  url = {https://cran.r-project.org/package=tinylabels},
}
